@article{khan2016frequency,
  title={Frequency-domain gravitational waves from nonprecessing black-hole binaries. II. A phenomenological model for the advanced detector era},
  author={Khan, Sebastian and Husa, Sascha and Hannam, Mark and Ohme, Frank and P{\"u}rrer, Michael and Forteza, Xisco Jim{\'e}nez and Boh{\'e}, Alejandro},
  journal={Physical Review D},
  volume={93},
  number={4},
  pages={044007},
  year={2016},
  publisher={APS}
}

@article{husa2016frequency,
  title={Frequency-domain gravitational waves from nonprecessing black-hole binaries. I. New numerical waveforms and anatomy of the signal},
  author={Husa, Sascha and Khan, Sebastian and Hannam, Mark and P{\"u}rrer, Michael and Ohme, Frank and Forteza, Xisco Jim{\'e}nez and Boh{\'e}, Alejandro},
  journal={Physical Review D},
  volume={93},
  number={4},
  pages={044006},
  year={2016},
  publisher={APS}
}

@article{taracchini2014effective,
  title={Effective-one-body model for black-hole binaries with generic mass ratios and spins},
  author={Taracchini, Andrea and Buonanno, Alessandra and Pan, Yi and Hinderer, Tanja and Boyle, Michael and Hemberger, Daniel A and Kidder, Lawrence E and Lovelace, Geoffrey and Mrou{\'e}, Abdul H and Pfeiffer, Harald P and others},
  journal={Physical Review D},
  volume={89},
  number={6},
  pages={061502},
  year={2014},
  publisher={APS}
}

@article{varma2019surrogate,
  title={Surrogate model of hybridized numerical relativity binary black hole waveforms},
  author={Varma, Vijay and Field, Scott E and Scheel, Mark A and Blackman, Jonathan and Kidder, Lawrence E and Pfeiffer, Harald P},
  journal={Physical Review D},
  volume={99},
  number={6},
  pages={064045},
  year={2019},
  publisher={APS}
}

@article{pratten2020setting,
  title={Setting the cornerstone for a family of models for gravitational waves from compact binaries: The dominant harmonic for nonprecessing quasicircular black holes},
  author={Pratten, Geraint and Husa, Sascha and Garcia-Quiros, Cecilio and Colleoni, Marta and Ramos-Buades, Antoni and Estelles, Hector and Jaume, Rafel},
  journal={Physical Review D},
  volume={102},
  number={6},
  pages={064001},
  year={2020},
  publisher={APS}
}

@article{hannam2014simple,
  title={Simple model of complete precessing black-hole-binary gravitational waveforms},
  author={Hannam, Mark and Schmidt, Patricia and Boh{\'e}, Alejandro and Haegel, Le{\"\i}la and Husa, Sascha and Ohme, Frank and Pratten, Geraint and P{\"u}rrer, Michael},
  journal={Physical review letters},
  volume={113},
  number={15},
  pages={151101},
  year={2014},
  publisher={APS}
}

@article{purrer2020gravitational,
  title={Gravitational waveform accuracy requirements for future ground-based detectors},
  author={P{\"u}rrer, Michael and Haster, Carl-Johan},
  journal={Physical Review Research},
  volume={2},
  number={2},
  pages={023151},
  year={2020},
  publisher={APS}
}

@article{abbott2020prospects,
  title={Prospects for observing and localizing gravitational-wave transients with Advanced LIGO, Advanced Virgo and KAGRA},
  author={Abbott, Benjamin P and Abbott, R and Abbott, TD and Abraham, S and Acernese, F and Ackley, K and Adams, C and Adya, VB and Affeldt, C and Agathos, M and others},
  journal={Living reviews in relativity},
  volume={23},
  number={1},
  pages={1--69},
  year={2020},
  publisher={Springer}
}

@article{boyle2019sxs,
  title={The SXS Collaboration catalog of binary black hole simulations},
  author={Boyle, Michael and Hemberger, Daniel and Iozzo, Dante AB and Lovelace, Geoffrey and Ossokine, Serguei and Pfeiffer, Harald P and Scheel, Mark A and Stein, Leo C and Woodford, Charles J and Zimmerman, Aaron B and others},
  journal={Classical and Quantum Gravity},
  volume={36},
  number={19},
  pages={195006},
  year={2019},
  publisher={IOP Publishing}
}

@article{kumar2016accuracy,
  title={Accuracy of binary black hole waveform models for aligned-spin binaries},
  author={Kumar, Prayush and Chu, Tony and Fong, Heather and Pfeiffer, Harald P and Boyle, Michael and Hemberger, Daniel A and Kidder, Lawrence E and Scheel, Mark A and Szilagyi, Bela},
  journal={Physical Review D},
  volume={93},
  number={10},
  pages={104050},
  year={2016},
  publisher={APS}
}

@misc{ripple,
  author = {Edwards, Thomas D. P. and Wong, Kaze W. K. and Lam, Kelvin K. H. and Coogan, Adam and Foreman-Mackey, Daniel and Isi, Maximiliano and Zimmerman, Aaron},
  title = {{\textsc{ripple}: Differentiable and Hardware-Accelerated Waveforms for Gravitational Wave Data Analysis}},
  url = {https://github.com/tedwards2412/ripple},
  note = {LIGO-P2300025},
  year = {2023}
}

@software{jax2018github,
  author = {James Bradbury and Roy Frostig and Peter Hawkins and Matthew James Johnson and Chris Leary and Dougal Maclaurin and George Necula and Adam Paszke and Jake Vander{P}las and Skye Wanderman-{M}ilne and Qiao Zhang},
  title = {{JAX}: composable transformations of {P}ython+{N}um{P}y programs},
  url = {http://github.com/google/jax},
  version = {0.2.5},
  year = {2018},
}

@article{santamaria2010matching,
  title={Matching post-Newtonian and numerical relativity waveforms: Systematic errors and a new phenomenological model for nonprecessing black hole binaries},
  author={Santamaria, L and Ohme, Frank and Ajith, P and Br{\"u}gmann, B and Dorband, Nils and Hannam, Mark and Husa, S and M{\"o}sta, P and Pollney, Denis and Reisswig, Christian and others},
  journal={Physical Review D},
  volume={82},
  number={6},
  pages={064016},
  year={2010},
  publisher={APS}
}

@article{ajith2011inspiral,
  title={Inspiral-merger-ringdown waveforms for black-hole binaries with nonprecessing spins},
  author={Ajith, P and Hannam, Mark and Husa, Sascha and Chen, Yanbei and Br{\"u}gmann, B and Dorband, Nils and M{\"u}ller, D and Ohme, Frank and Pollney, Denis and Reisswig, Christian and others},
  journal={Physical Review Letters},
  volume={106},
  number={24},
  pages={241101},
  year={2011},
  publisher={APS}
}

 @misc{lalsuite,
       author         = "{LIGO Scientific Collaboration}",
       title          = "{LIGO} {A}lgorithm {L}ibrary - {LALS}uite",
       howpublished   = "free software (GPL)",
       doi            = "10.7935/GT1W-FZ16",
       year           = "2018"
 }

 @incollection{pytorch,
	author = {Paszke, Adam and Gross, Sam and Massa, Francisco and Lerer, Adam and Bradbury, James and Chanan, Gregory and Killeen, Trevor and Lin, Zeming and Gimelshein, Natalia and Antiga, Luca and Desmaison, Alban and Kopf, Andreas and Yang, Edward and DeVito, Zachary and Raison, Martin and Tejani, Alykhan and Chilamkurthy, Sasank and Steiner, Benoit and Fang, Lu and Bai, Junjie and Chintala, Soumith},
	booktitle = {Advances in Neural Information Processing Systems 32},
	editor = {H. Wallach and H. Larochelle and A. Beygelzimer and F. d\textquotesingle Alch\'{e}-Buc and E. Fox and R. Garnett},
	pages = {8024--8035},
	publisher = {Curran Associates, Inc.},
	title = {PyTorch: An Imperative Style, High-Performance Deep Learning Library},
	url = {http://arxiv.org/abs/1912.01703},
	year = {2019},
	bdsk-url-1 = {http://arxiv.org/abs/1912.01703}}

 @misc{tensorflow2015-whitepaper,
	author = {Mart\'{i}n~Abadi and Ashish~Agarwal and Paul~Barham and Eugene~Brevdo and Zhifeng~Chen and Craig~Citro and Greg~S.~Corrado and Andy~Davis and Jeffrey~Dean and Matthieu~Devin and Sanjay~Ghemawat and Ian~Goodfellow and Andrew~Harp and Geoffrey~Irving and Michael~Isard and Yangqing Jia and Rafal~Jozefowicz and Lukasz~Kaiser and Manjunath~Kudlur and Josh~Levenberg and Dandelion~Man\'{e} and Rajat~Monga and Sherry~Moore and Derek~Murray and Chris~Olah and Mike~Schuster and Jonathon~Shlens and Benoit~Steiner and Ilya~Sutskever and Kunal~Talwar and Paul~Tucker and Vincent~Vanhoucke and Vijay~Vasudevan and Fernanda~Vi\'{e}gas and Oriol~Vinyals and Pete~Warden and Martin~Wattenberg and Martin~Wicke and Yuan~Yu and Xiaoqiang~Zheng},
	note = {Software available from tensorflow.org},
	title = {{TensorFlow}: Large-Scale Machine Learning on Heterogeneous Systems},
	url = {https://www.tensorflow.org/},
	year = {2015},
	bdsk-url-1 = {https://www.tensorflow.org/}}

  